<record><leader>00000cas a2200000 i 4500</leader><controlfield tag="001">191222754</controlfield><controlfield tag="008">920529d18571861nyuzx n       0   a0eng c</controlfield><datafield ind1=" " ind2=" " tag="010"><subfield code="a">  2017234960</subfield></datafield><datafield ind1=" " ind2=" " tag="040"><subfield code="a">AQM</subfield><subfield code="b">eng</subfield><subfield code="e">rda</subfield><subfield code="c">AQM</subfield><subfield code="d">OCLCQ</subfield><subfield code="d">OCLCF</subfield><subfield code="d">OCLCO</subfield><subfield code="d">OCLCQ</subfield><subfield code="d">HUL</subfield><subfield code="d">OCL</subfield><subfield code="d">DLC</subfield></datafield><datafield ind1=" " ind2=" " tag="012"><subfield code="l">a</subfield></datafield><datafield ind1="0" ind2=" " tag="022"><subfield code="a">2575-162X</subfield><subfield code="2">1</subfield></datafield><datafield ind1=" " ind2=" " tag="042"><subfield code="a">pcc</subfield><subfield code="a">nsdp</subfield></datafield><datafield ind1=" " ind2=" " tag="043"><subfield code="a">n-us---</subfield></datafield><datafield ind1="1" ind2="0" tag="050"><subfield code="a">ISSN RECORD</subfield></datafield><datafield ind1="1" ind2="0" tag="082"><subfield code="a">332.1</subfield><subfield code="2">23</subfield></datafield><datafield ind1=" " ind2="0" tag="222"><subfield code="a">Hodge's journal of finance, and bank reporter</subfield></datafield><datafield ind1="0" ind2="0" tag="245"><subfield code="a">Hodge's journal of finance, and bank reporter.</subfield></datafield><datafield ind1="3" ind2="0" tag="246"><subfield code="a">Journal of finance, and bank reporter</subfield></datafield><datafield ind1="3" ind2="0" tag="246"><subfield code="a">Hodge's journal of finance, bank note reporter, and safe-guard</subfield></datafield><datafield ind1="1" ind2="3" tag="246"><subfield code="a">Hodge's bank note reporter</subfield></datafield><datafield ind1=" " ind2="1" tag="264"><subfield code="a">New-York :</subfield><subfield code="b">J. Tyler Hodges</subfield></datafield><datafield ind1=" " ind2=" " tag="300"><subfield code="a">volumes ;</subfield><subfield code="c">30 cm</subfield></datafield><datafield ind1=" " ind2=" " tag="310"><subfield code="a">Frequency varies</subfield></datafield><datafield ind1=" " ind2=" " tag="336"><subfield code="a">text</subfield><subfield code="b">txt</subfield><subfield code="2">rdacontent</subfield></datafield><datafield ind1=" " ind2=" " tag="337"><subfield code="a">unmediated</subfield><subfield code="b">n</subfield><subfield code="2">rdamedia</subfield></datafield><datafield ind1=" " ind2=" " tag="338"><subfield code="a">volume</subfield><subfield code="b">nc</subfield><subfield code="2">rdacarrier</subfield></datafield><datafield ind1="1" ind2=" " tag="362"><subfield code="a">Began in 1857; ceased in 1861.</subfield></datafield><datafield ind1=" " ind2=" " tag="500"><subfield code="a">Publisher: D.M. Hodges, 1860-1861.</subfield></datafield><datafield ind1=" " ind2=" " tag="500"><subfield code="a">Editors: J. Tyler Hodges, 1857-1860; D.M. Hodges, 1860-1861.</subfield></datafield><datafield ind1=" " ind2=" " tag="525"><subfield code="a">Includes supplements.</subfield></datafield><datafield ind1=" " ind2=" " tag="588"><subfield code="a">Description based on: October 8, 1857 (online surrogate) (Newsbank website, viewed Aug. 31, 2017) ; title from caption.</subfield></datafield><datafield ind1=" " ind2=" " tag="588"><subfield code="a">Latest issue consulted: October 8, 1857 (online surrogate) (Newbank website, viewed Aug. 31, 2017).</subfield></datafield><datafield ind1=" " ind2="0" tag="650"><subfield code="a">Banks and banking</subfield><subfield code="z">United States</subfield><subfield code="v">Newspapers.</subfield></datafield><datafield ind1=" " ind2="0" tag="650"><subfield code="a">Bank notes</subfield><subfield code="z">United States</subfield><subfield code="v">Newspapers.</subfield></datafield><datafield ind1=" " ind2="7" tag="650"><subfield code="a">Banks and banking.</subfield><subfield code="2">fast</subfield><subfield code="0">(OCoLC)fst00826867</subfield></datafield><datafield ind1=" " ind2="7" tag="650"><subfield code="a">Bank notes.</subfield><subfield code="2">fast</subfield><subfield code="0">(OCoLC)fst00826764</subfield></datafield><datafield ind1=" " ind2="7" tag="651"><subfield code="a">United States.</subfield><subfield code="2">fast</subfield><subfield code="0">(OCoLC)fst01204155</subfield></datafield><datafield ind1=" " ind2="7" tag="655"><subfield code="a">Newspapers.</subfield><subfield code="2">fast</subfield><subfield code="0">(OCoLC)fst01423814</subfield></datafield><datafield ind1=" " ind2="7" tag="655"><subfield code="a">Business and financial newspapers.</subfield><subfield code="2">ngl</subfield></datafield><datafield ind1=" " ind2=" " tag="752"><subfield code="a">United States</subfield><subfield code="b">New York</subfield><subfield code="d">New York.</subfield></datafield><datafield ind1="0" ind2="0" tag="780"><subfield code="t">Journal of finance and bank reporter</subfield><subfield code="x">2575-1603</subfield><subfield code="w">(DLC)  2017234959</subfield><subfield code="w">(OCoLC)191123977</subfield></datafield><datafield ind1="0" ind2="0" tag="785"><subfield code="t">Hodge's journal of finance and bank note reporter</subfield></datafield></record>